@article{lee2015robust,
  title={Robust pedestrian detection by combining visible and thermal infrared cameras},
  author={Lee, Ji Hoon and Choi, Jong-Suk and Jeon, Eun Som and Kim, Yeong Gon and Le, Toan Thanh and Shin, Kwang Yong and Lee, Hyeon Chang and Park, Kang Ryoung},
  journal={Sensors},
  volume={15},
  number={5},
  pages={10580--10615},
  year={2015},
  publisher={Multidisciplinary Digital Publishing Institute}
}

@inproceedings{hwang2015multispectral,
  title={Multispectral pedestrian detection: Benchmark dataset and baseline},
  author={Hwang, Soonmin and Park, Jaesik and Kim, Namil and Choi, Yukyung and So Kweon, In},
  booktitle={Proceedings of the IEEE Conference on Computer Vision and Pattern Recognition},
  pages={1037--1045},
  year={2015}
}

@inproceedings{st2007combination,
  title={Combination of colour and thermal sensors for enhanced object detection},
  author={St-Laurent, Louis and Maldague, Xavier and Pr{\'e}vost, Donald},
  booktitle={Information Fusion, 2007 10th International Conference on},
  pages={1--8},
  year={2007},
  organization={IEEE}
}

@inproceedings{zhang2015filtered,
  title={Filtered channel features for pedestrian detection},
  author={Zhang, Shanshan and Benenson, Rodrigo and Schiele, Bernt},
  booktitle={Computer Vision and Pattern Recognition (CVPR), 2015 IEEE Conference on},
  pages={1751--1760},
  year={2015},
  organization={IEEE}
}

@article{gonzalez2016pedestrian,
  title={Pedestrian detection at day/night time with visible and FIR cameras: A comparison},
  author={Gonz{\'a}lez, Alejandro and Fang, Zhijie and Socarras, Yainuvis and Serrat, Joan and V{\'a}zquez, David and Xu, Jiaolong and L{\'o}pez, Antonio M},
  journal={Sensors},
  volume={16},
  number={6},
  pages={820},
  year={2016},
  publisher={Multidisciplinary Digital Publishing Institute}
}

@article{benenson2014ten,
  title={Ten years of pedestrian detection, what have we learned?},
  author={Benenson, Rodrigo and Omran, Mohamed and Hosang, Jan and Schiele, Bernt},
  journal={arXiv preprint arXiv:1411.4304},
  year={2014}
}

@inproceedings{dalal2005histograms,
  title={Histograms of oriented gradients for human detection},
  author={Dalal, Navneet and Triggs, Bill},
  booktitle={Computer Vision and Pattern Recognition, 2005. CVPR 2005. IEEE Computer Society Conference on},
  volume={1},
  pages={886--893},
  year={2005},
  organization={IEEE}
}

@article{gade2014thermal,
  title={Thermal cameras and applications: A survey},
  author={Gade, Rikke and Moeslund, Thomas B},
  journal={Machine vision and applications},
  volume={25},
  number={1},
  pages={245--262},
  year={2014},
  publisher={Springer}
}

@article{garcia2014survey,
  title={A survey on FPGA-based sensor systems: towards intelligent and reconfigurable low-power sensors for computer vision, control and signal processing},
  author={Garc{\'\i}a, Gabriel J and Jara, Carlos A and Pomares, Jorge and Alabdo, Aiman and Poggi, Lucas M and Torres, Fernando},
  journal={Sensors},
  volume={14},
  number={4},
  pages={6247--6278},
  year={2014},
  publisher={Multidisciplinary Digital Publishing Institute}
}

@inproceedings{piao2016real,
  title={Real-time multi-platform pedestrian detection in a heavy duty driver assistance system},
  author={Piao, Songlin and Kiekbusch, Lisa and Schmidt, Daniel and Berns, Karsten and Hering, Daniel and Wirtz, Stefan and Hering, Nils and Weiland, J{\"u}rgen},
  booktitle={Proc. Int. Commercial Veh. Technol. Symp.},
  pages={61--70},
  year={2016}
}

@inproceedings{honegger2014real,
  title={Real-time and low latency embedded computer vision hardware based on a combination of FPGA and mobile CPU},
  author={Honegger, Dominik and Oleynikova, Helen and Pollefeys, Marc},
  booktitle={Intelligent Robots and Systems (IROS 2014), 2014 IEEE/RSJ International Conference on},
  pages={4930--4935},
  year={2014},
  organization={IEEE}
}

@inproceedings{kolzpoz,
author = {Piniarski, Karol and Pawlowski, Pawel},
year = {2017},
month = {09},
pages = {160-165},
title = {Efficient pedestrian detection with enhanced object segmentation in far IR night vision}
}

@inproceedings{niklaus2007mems,
  title={MEMS-based uncooled infrared bolometer arrays: a review},
  author={Niklaus, Frank and Vieider, Christian and Jakobsen, Henrik},
  booktitle={Photonics Asia 2007},
  pages={68360D--68360D},
  year={2007},
  organization={International Society for Optics and Photonics}
}

 @misc{ wiki:infrared,
   author = "Wikipedia",
   title = "Infrared, {W}ikipedia{,} The Free Encyclopedia",
   year = "2016",
   url = "https://en.wikipedia.org/wiki/Infrared",
   note = "[Dostęp: 9 stycznia 2016]"
 }
@article{ojala2002multiresolution,
  title={Multiresolution gray-scale and rotation invariant texture classification with local binary patterns},
  author={Ojala, Timo and Pietikainen, Matti and Maenpaa, Topi},
  journal={IEEE Transactions on pattern analysis and machine intelligence},
  volume={24},
  number={7},
  pages={971--987},
  year={2002},
  publisher={IEEE}
}

@inproceedings{suard2006pedestrian,
  title={Pedestrian detection using infrared images and histograms of oriented gradients},
  author={Suard, Fr{\'e}d{\'e}ric and Rakotomamonjy, Alain and Bensrhair, Abdelaziz and Broggi, Alberto},
  booktitle={Intelligent Vehicles Symposium, 2006 IEEE},
  pages={206--212},
  year={2006},
  organization={IEEE}
}

@inproceedings{nanda_2002,
  title={Probabilistic template based pedestrian detection in infrared videos},
  author={Nanda, Harsh and Davis, Larry},
  booktitle={IEEE Intelligent Vehicle Symposium},
  volume={1},
  pages={15--20},
  year={2002}
}
@inproceedings{xiao_2015,
  title={Real-time shape and pedestrian detection with FPGA},
  author={Xiao, Han and Song, Haitao and He, Wenhao and Yuan, Kui},
  booktitle={Mechatronics and Automation (ICMA), 2015 IEEE International Conference on},
  pages={2381--2386},
  year={2015},
  organization={IEEE}
}

@manual{flir:lepton,
    organization  = " FLIR Commercial  Systems",
    title         = "LEPTON®  Long Wave Infrared (LWIR) Datasheet",
    number        = "Lepton",
    year          =  2015  
}

@inproceedings{viola2001rapid,
  title={Rapid object detection using a boosted cascade of simple features},
  author={Viola, Paul and Jones, Michael},
  booktitle={Computer Vision and Pattern Recognition, 2001. CVPR 2001. Proceedings of the 2001 IEEE Computer Society Conference on},
  volume={1},
  pages={I--I},
  year={2001},
  organization={IEEE}
}

@article{kodituwakku2004comparison,
  title={Comparison of color features for image retrieval},
  author={Kodituwakku, SR and Selvarajah, S},
  journal={Indian Journal of Computer Science and Engineering},
  volume={1},
  number={3},
  pages={207--211},
  year={2004}
}

@inproceedings{felzenszwalb2008discriminatively,
  title={A discriminatively trained, multiscale, deformable part model},
  author={Felzenszwalb, Pedro and McAllester, David and Ramanan, Deva},
  booktitle={Computer Vision and Pattern Recognition, 2008. CVPR 2008. IEEE Conference on},
  pages={1--8},
  year={2008},
  organization={IEEE}
}

@article{kanka2016fpga,
  title={FPGA Implementation of Multi-scale Pedestrian Detection in Thermal Images},
  author={Ka{\'n}ka, Tomasz and Kryjak, Tomasz and Gorgon, Marek},
  journal={Image Processing \& Communications},
  volume={21},
  number={3},
  pages={55--67},
  year={2016},
  publisher={De Gruyter Open}
}

@thesis{kankaing,
	author = {Ka{\'n}ka, Tomasz},
	title= {Wbudowany system wizyjny do detekcji pieszych w warunkach nocnych},
	school = {Akademia Górniczo-Hutnicza im. Stanisława Staszica w Krakowie},
	year = {2016}
}
	